<record><leader>00000cas a22000007a 4500</leader><controlfield tag="001">10219430</controlfield><controlfield tag="008">831214d18701923pauwr ne      0    0eng d</controlfield><datafield ind1=" " ind2=" " tag="010"><subfield code="a">sn 83032226 </subfield></datafield><datafield ind1=" " ind2=" " tag="040"><subfield code="a">NPU</subfield><subfield code="b">eng</subfield><subfield code="c">NPU</subfield><subfield code="d">NPX</subfield><subfield code="d">NPH</subfield><subfield code="d">OCLCQ</subfield></datafield><datafield ind1=" " ind2=" " tag="042"><subfield code="a">msc</subfield></datafield><datafield ind1="0" ind2="0" tag="245"><subfield code="a">Lansdale reporter.</subfield></datafield><datafield ind1=" " ind2=" " tag="260"><subfield code="a">Lansdale, Pa. :</subfield><subfield code="b">Frederick Wagner,</subfield><subfield code="c">1870-1923.</subfield></datafield><datafield ind1=" " ind2=" " tag="300"><subfield code="a">53 v. :</subfield><subfield code="b">ill. ;</subfield><subfield code="c">58 cm.</subfield></datafield><datafield ind1=" " ind2=" " tag="310"><subfield code="a">Weekly</subfield></datafield><datafield ind1="0" ind2=" " tag="362"><subfield code="a">Vol. 1, no. 1 (Oct. 27, 1870)-v. 53, no. 17 (Feb. 22, 1923).</subfield></datafield><datafield ind1=" " ind2=" " tag="752"><subfield code="a">United States</subfield><subfield code="b">Pennsylvania</subfield><subfield code="c">Montgomery</subfield><subfield code="d">Lansdale.</subfield></datafield><datafield ind1="0" ind2="7" tag="785"><subfield code="t">North Penn review (Lansdale, Pa. : 1922)</subfield><subfield code="w">(OCoLC)16698792</subfield></datafield><datafield ind1="0" ind2="7" tag="785"><subfield code="t">North Penn review and Lansdale reporter</subfield><subfield code="w">(DLC)sn 88079254</subfield></datafield></record>